@online{IMD,
  author = {Maika Pollack},
  title = {Carleton Watkins and the Image of Manifest Destiny},
  year = 2018,
  url = {https://www.aperture.org/editorial/carleton-watkins-maika-pollack},
  urldate = {2025-05-11}
}

@online{BBW,
  author = {Dana Joseph},
  title = {How Poster Art For Buffalo Bill's Wild West Advertised The Frontier},
  year = 2024,
  url = {https://www.cowboysindians.com/2024/08/how-poster-art-for-buffalo-bills-wild-west-advertised-the-frontier},
  urldate = {2025-05-11}
}

@online{wikiSSSR,
  author = {Wikipedia},
  title = {Censorship of images in the Soviet Union},
  year = 2025,
  url = {https://en.wikipedia.org/wiki/Censorship_of_images_in_the_Soviet_Union},
  urldate = {2025-05-08}
}

@online{bbcSSSR,
  author = {Fiona Macdonald},
  title = {Eye-opening Soviet photos},
  year = 2018,
  url = {https://www.bbc.com/culture/article/20181123-eye-opening-soviet-photos},
  urldate = {2025-05-08}
}

@online{analyze,
  author = {Nicole Dahmen},
  title = {Learn to analyze photos like an expert would},
  year = 2017,
  url = {https://www.qz.com/902573/want-to-resist-the-post-truth-age-learn-to-analyze-photos-like-an-expert-would},
  urldate = {2025-05-01}
}

@online{bbcPhoto,
  author = {Tiffanie Wen},
  title = {The hidden signs that can reveal a fake photo},
  year = 2020,
  url = {https://www.bbc.com/future/article/20170629-the-hidden-signs-that-can-reveal-if-a-photo-is-fake},
  urldate = {2025-05-01}
}

@online{photoPhotoshop,
  author = {Philip Gefter},
  title = {Faking It: Manipulated Photography Before Photoshop},
  year = 2012,
  url = {https://www.photographmag.com/reviews/manipulated-photography-before-photoshop},
  urldate = {2025-05-01}
}

@online{journalism,
  author = {},
  title = {The Evolution of Photo Editing: From Darkroom Techniques to Digital Mastery},
  year = 2023,
  url = {https://www.journalism.university/electronic-media/evolution-photo-editing-darkroom-digital-mastery},
urldate = {2025-05-02}
}

@online{reichstag,
    author = {Ian Smith},
    title = {The iconic photo of the Soviet Flag},
    year = 2016,
    url = {https://www.thevintagenews.com/2016/08/12/iconic-photo-soviet-flag-raised-reichstag-staged-edited-remove-evidence-looting},
    urldate = {2025-05-13}
}

@online{trockij,
    author = {Comrade},
    title = {Art of Deception: Photo Manipulation in Stalin's Surveillance State},
    url = {https://www.comradegallery.com/journal/fabrication-photographs-stalin-soviet-state},
    urldate = {2025-05-13}
}

@online{retus,
    author = {Jan Králík},
    title = {Co všechno nechal Stalin vyretušovat?},
    year = 2020,
    url = {https://www.muzivcesku.cz/co-vsechno-nechal-stalin-vyretusovat-nejen-nepohodlne-muze-ale-i-svou-prilis-lidskou-tvar},
    urldate = {2025-05-15}
}

@online{buffalo,
    author = {Sarah Parsons},
    title = {Sitting Bull},
    url = {https://www.aci-iac.ca/art-books/william-notman/key-works/sitting-bull/},
    urldate = {2025-05-15}
}